
@inproceedings{Butler13,
 author = {Butler, Eric and Smith, Adam M. and Liu, Yun-En and Popovi\'{c}, Zoran},
 title = {{A Mixed-Initiative Tool for Designing Level Progressions in Games}},
 booktitle = {UIST},
 year = {2013},
}

@article{orourke2013effects,
  title={The effects of age on player behavior in educational games},
  author={O'Rourke, Eleanor and Butler, Eric and Liu, Yun-En and Ballweber, Christy and Popovic, Zoran},
  journal={Foundations of Digital Games, FDG},
  volume={13},
  year={2013}
}

@article{orourke2014brain,
  title={Brain Points: A Growth Mindset Incentive Structure Boosts Persistence in an Educational Game},
  author={O'Rourke, Eleanor and Haimovitz, Kyla and Ballwebber, Christy and Dweck, Carol S and Popovic, Zoran},
  year={2014}
}

@article{orourke2014hint,
  title={Hint Systems May Negatively Impact Performance in Educational Games},
  author={Oâ€™Rourke, Eleanor and Ballweber, Christy and Popovic, Zoran},
  year={2014}
}

@inproceedings{Andersen11,
 author = {Andersen, Erik and Liu, Yun-En and Snider, Richard and Szeto, Roy and Popovi\'{c}, Zoran},
 title = {Placing a Value on Aesthetics in Online Casual Games},
 booktitle = {CHI},
 year = {2011},
}

@inproceedings{Andersen11b,
 author = {Andersen, Erik and Liu, Yun-En and Snider, Richard and Szeto, Roy and Cooper, Seth and Popovi\'{c}, Zoran},
 title = {On the Harmfulness of Secondary Game Objectives},
 booktitle = {FDG},
 year = {2011},
}

@inproceedings{Andersen12,
 author = {Andersen, Erik and O'Rourke, Eleanor and Liu, Yun-En and Snider, Richard and Lowdermilk, Jeff and Truong, David and Cooper, Seth and Popovi\'{c}, Zoran},
 title = {The Impact of Tutorials on Games of Varying Complexity},
 booktitle = {CHI},
 year = {2012},
 }

@inproceedings{Andersen10,
 author = {Andersen, Erik and Liu, Yun-En and Apter, Ethan and Boucher-Genesse, Fran\c{c}ois and Popovi\'{c}, Zoran},
 title = {Gameplay analysis through state projection},
 booktitle = {FDG},
 year = {2010},
}

@inproceedings{Liu11,
 author = {Liu, Yun-En and Andersen, Erik and Snider, Richard and Cooper, Seth and Popovi\'{c}, Zoran},
 title = {Feature-based projections for effective playtrace analysis},
 booktitle = {FDG},
 year = {2011},
}

@article{mandel2014offline,
  title={Offline Policy Evaluation Across Representations with Applications to Educational Games},
  author={Mandel, Travis and Liu, Yun-En and Levine, Sergey and Brunskill, Emma and Popovic, Zoran},
  booktitle={AAMAS},
  year={2014}
}


@inproceedings{Andersen13,
 author = {Andersen, Erik and Gulwani, Sumit and Popovi\'{c}, Zoran},
 title = {A Trace-based Framework for Analyzing and Synthesizing Educational Progressions},
 booktitle = {CHI},
 year = {2013},
}

@inproceedings{Osborn14,
 title={Visualizing Play Traces of Arbitrary Games},
 author={Osborn, Joseph C and Mateas, Michael},
 booktitle = {FDG},
 year = {2014}
}

@inproceedings{wallner2012spatiotemporal,
  title={A spatiotemporal visualization approach for the analysis of gameplay data},
  author={Wallner, G{\"u}nter and Kriglstein, Simone},
  booktitle={Proceedings of the 2012 ACM annual conference on Human Factors in Computing Systems},
  pages={1115--1124},
  year={2012},
  organization={ACM}
}

@article{wallner2013visualization,
  title={Visualization-based analysis of gameplay data--A review of literature},
  author={Wallner, G and Kriglstein, S},
  journal={Entertainment Computing},
  volume={4},
  number={3},
  pages={143--155},
  year={2013},
  publisher={Elsevier}
}

@inproceedings{drachen2009player,
  title={Player modeling using self-organization in Tomb Raider: Underworld},
  author={Drachen, Anders and Canossa, Alessandro and Yannakakis, Georgios N},
  booktitle={Computational Intelligence and Games, 2009. CIG 2009. IEEE Symposium on},
  pages={1--8},
  year={2009},
  organization={IEEE}
}

@incollection{thawonmas2006clustering,
  title={Clustering of online game users based on their trails using self-organizing map},
  author={Thawonmas, Ruck and Kurashige, Masayoshi and Iizuka, Keita and Kantardzic, Mehmed},
  booktitle={Entertainment Computing-ICEC 2006},
  pages={366--369},
  year={2006},
  publisher={Springer}
}

@inproceedings{Jaffe12,
  title={Evaluating Competitive Game Balance with Restricted Play.},
  author={Jaffe, Alexander and Miller, Alex and Andersen, Erik and Liu, Yun-En and Karlin, Anna and Popovic, Zoran},
  booktitle={AIIDE},
  year={2012}
}

@article{Chernoff73,
  title={The use of faces to represent points in k-dimensional space graphically},
  author={Chernoff, Herman},
  journal={Journal of the American Statistical Association},
  volume={68},
  number={342},
  pages={361--368},
  year={1973},
  publisher={Taylor \& Francis}
}

@book{kohonen2001self,
  title={Self-organizing maps},
  author={Kohonen, Teuvo},
  year={2001},
  publisher={Springer}
}

@book{kruskal1978mds,
  title={Multidimensional scaling},
  author={Kruskal, Joseph B and Wish, Myron},
  year={1978},
  publisher={Sage}
}

@incollection{Inselberg1991,
  title={Parallel coordinates},
  author={Inselberg, Alfred and Dimsdale, Bernard},
  booktitle={Human-Machine Interactive Systems},
  year={1991},
  publisher={Springer}
}

@misc{Fodor2002,
  title={A survey of dimension reduction techniques},
  author={Fodor, Imola K},
  year={2002},
  publisher={Technical Report UCRL-ID-148494, Lawrence Livermore National Laboratory}
}


@article{Gunter2006,
  title={A case for a formal design paradigm for serious games},
  author={Gunter, Glenda A and Kenny, Robert F and Vick, Erik Henry},
  journal={The Journal of the International Digital Media and Arts Association},
  volume={3},
  number={1},
  pages={93--105},
  year={2006}
}

@article{Kosara2001,
  title={Metaphors of movement: a visualization and user interface for time-oriented, skeletal plans},
  author={Kosara, Robert and Miksch, Silvia},
  journal={Artificial intelligence in medicine},
  volume={22},
  number={2},
  pages={111--131},
  year={2001},
  publisher={Elsevier}
}

@inproceedings{Plaisant1996,
  title={LifeLines: visualizing personal histories},
  author={Plaisant, Catherine and Milash, Brett and Rose, Anne and Widoff, Seth and Shneiderman, Ben},
  booktitle={Proceedings of the SIGCHI conference on Human factors in computing systems},
  pages={221--227},
  year={1996},
  organization={ACM}
}

@article{De2011,
  title={Multidimensional scaling using majorization: {SMACOF} in {R}},
  author={De Leeuw, Jan and Mair, Patrick},
  year={2011}
}

@article{Pedregosa2011,
  title={Scikit-learn: Machine learning in Python},
  author={Pedregosa, Fabian and Varoquaux, Ga{\"e}l and Gramfort, Alexandre and Michel, Vincent and Thirion, Bertrand and Grisel, Olivier and Blondel, Mathieu and Prettenhofer, Peter and Weiss, Ron and Dubourg, Vincent and others},
  journal={The Journal of Machine Learning Research},
  volume={12},
  pages={2825--2830},
  year={2011},
  publisher={JMLR. org}
}

@inproceedings{Wong1994,
  title={30 Years of Multidimensional Multivariate Visualization.},
  author={Wong, Pak Chung and Bergeron, R Daniel},
  booktitle={Scientific Visualization},
  pages={3--33},
  year={1994}
}

@inproceedings{muller2003visualization,
  title={Visualization methods for time-dependent data-an overview},
  author={Mull{\"e}r, Wolgang and Schumann, Heidrun},
  booktitle={Simulation Conference, 2003. Proceedings of the 2003 Winter},
  volume={1},
  pages={737--745},
  year={2003},
  organization={IEEE}
}

@book{dunteman1989principal,
  title={Principal components analysis},
  author={Dunteman, George H},
  number={69},
  year={1989},
  publisher={Sage}
}

@article{baraniuk2009random,
  title={Random projections of smooth manifolds},
  author={Baraniuk, Richard G and Wakin, Michael B},
  journal={Foundations of computational mathematics},
  volume={9},
  number={1},
  pages={51--77},
  year={2009},
  publisher={Springer}
}

@book{Playfair2005,
  title={Playfair's commercial and political atlas and statistical breviary},
  author={Playfair, William},
  year={2005},
  publisher={Cambridge University Press}
}

@article{Havre2002,
  title={Themeriver: Visualizing thematic changes in large document collections},
  author={Havre, Susan and Hetzler, Elizabeth and Whitney, Paul and Nowell, Lucy},
  journal={Visualization and Computer Graphics, IEEE Transactions on},
  volume={8},
  number={1},
  pages={9--20},
  year={2002},
  publisher={IEEE}
}

@article{buja1996interactive,
  title={Interactive high-dimensional data visualization},
  author={Buja, Andreas and Cook, Dianne and Swayne, Deborah F},
  journal={Journal of Computational and Graphical Statistics},
  volume={5},
  number={1},
  pages={78--99},
  year={1996},
  publisher={Taylor \& Francis}
}
